<record><leader>00000cas a22000007a 4500</leader><controlfield tag="001">16907799</controlfield><controlfield tag="008">871028u19uuuuuutxuuu ne      0    0eng d</controlfield><datafield ind1=" " ind2=" " tag="010"><subfield code="a">sn 87091072 </subfield></datafield><datafield ind1=" " ind2=" " tag="040"><subfield code="a">PPM</subfield><subfield code="b">eng</subfield><subfield code="c">PPM</subfield><subfield code="d">OCLCQ</subfield></datafield><datafield ind1=" " ind2=" " tag="042"><subfield code="a">msc</subfield></datafield><datafield ind1="0" ind2="0" tag="245"><subfield code="a">Sun progress.</subfield></datafield><datafield ind1=" " ind2=" " tag="260"><subfield code="a">Alvin, Tex. :</subfield><subfield code="b">A.E. "Gene" Bowen</subfield></datafield><datafield ind1=" " ind2=" " tag="588"><subfield code="a">Description based on: Vol. 6, no. 43 (May 7, 1970).</subfield></datafield><datafield ind1=" " ind2=" " tag="752"><subfield code="a">United States</subfield><subfield code="b">Texas</subfield><subfield code="c">Brazoria</subfield><subfield code="d">Pearland.</subfield></datafield><datafield ind1=" " ind2=" " tag="752"><subfield code="a">United States</subfield><subfield code="b">Texas</subfield><subfield code="c">Galveston</subfield><subfield code="d">Friendswood.</subfield></datafield><datafield ind1="0" ind2="0" tag="780"><subfield code="t">Tri-county sun progress</subfield></datafield><datafield ind1="1" ind2=" " tag="029"><subfield code="a">AU@</subfield><subfield code="b">000025834373</subfield></datafield></record>